%% This BibTeX bibliography file was created using BibDesk.
%% http://bibdesk.sourceforge.net/


%% Created for MÃ¥ns Magnusson at 2015-01-09 11:28:26 +0100 


%% Saved with string encoding Unicode (UTF-8) 



@book{berry1993understanding,
	Author = {Berry, William D},
	Date-Added = {2015-01-09 10:28:25 +0000},
	Date-Modified = {2015-01-09 10:28:25 +0000},
	Publisher = {Sage},
	Title = {Understanding regression assumptions},
	Volume = {92},
	Year = {1993}}

@book{wilkinson2006grammar,
	Author = {Wilkinson, Leland and Wills, D and Rope, D and Norton, A and Dubbs, R},
	Date-Added = {2015-01-09 09:34:00 +0000},
	Date-Modified = {2015-01-09 09:34:00 +0000},
	Publisher = {Springer},
	Title = {The grammar of graphics},
	Year = {2006}}

@book{wilkinson2012grammar,
	Author = {Wilkinson, Leland},
	Date-Added = {2015-01-09 09:32:48 +0000},
	Date-Modified = {2015-01-09 09:32:48 +0000},
	Publisher = {Springer},
	Title = {The grammar of graphics},
	Year = {2012}}

@book{tufte1983visual,
	Author = {Tufte, Edward R and Graves-Morris, PR},
	Date-Added = {2015-01-09 09:12:13 +0000},
	Date-Modified = {2015-01-09 09:12:13 +0000},
	Publisher = {Graphics press Cheshire, CT},
	Title = {The visual display of quantitative information},
	Volume = {2},
	Year = {1983}}

@book{hastie2009elements,
	Author = {Hastie, Trevor and Tibshirani, Robert and Friedman, Jerome and Hastie, T and Friedman, J and Tibshirani, R},
	Date-Added = {2015-01-07 08:07:15 +0000},
	Date-Modified = {2015-01-07 08:07:15 +0000},
	Number = {1},
	Publisher = {Springer},
	Title = {The elements of statistical learning},
	Volume = {2},
	Year = {2009}}

@article{hagevi2011svenska,
	Author = {Hagevi, Magnus},
	Date-Added = {2015-01-06 20:22:58 +0000},
	Date-Modified = {2015-01-06 20:22:58 +0000},
	Title = {Den svenska v{\"a}ljaren},
	Year = {2011}}

@book{lohr2009sampling,
	Author = {Lohr, Sharon},
	Date-Added = {2015-01-06 20:22:17 +0000},
	Date-Modified = {2015-01-06 20:22:17 +0000},
	Publisher = {Cengage Learning},
	Title = {Sampling: design and analysis},
	Year = {2009}}
@article{wickham2010layered,
  title={A layered grammar of graphics},
  author={Wickham, Hadley},
  journal={Journal of Computational and Graphical Statistics},
  volume={19},
  number={1},
  pages={3--28},
  year={2010},
  publisher={Taylor \& Francis}
}

